## Place biblatex entries here.
@article{dumoulin2016guide,
  title={A guide to convolution arithmetic for deep learning},
  author={Dumoulin, Vincent and Visin, Francesco},
  journal={arXiv preprint arXiv:1603.07285},
  year={2016}
}

@inproceedings{sundararajan2017axiomatic,
  title={Axiomatic attribution for deep networks},
  author={Sundararajan, Mukund and Taly, Ankur and Yan, Qiqi},
  booktitle={International conference on machine learning},
  pages={3319--3328},
  year={2017},
  organization={PMLR}
}

@inproceedings{frank2020leveraging,
  title={Leveraging frequency analysis for deep fake image recognition},
  author={Frank, Joel and Eisenhofer, Thorsten and Sch{\"o}nherr, Lea and Fischer, Asja and Kolossa, Dorothea and Holz, Thorsten},
  booktitle={International conference on machine learning},
  pages={3247--3258},
  year={2020},
  organization={PMLR}
}

@article{simonyan2013deep,
  title={Deep inside convolutional networks: Visualising image classification models and saliency maps},
  author={Simonyan, Karen and Vedaldi, Andrea and Zisserman, Andrew},
  journal={arXiv preprint arXiv:1312.6034},
  year={2013}
}

@inproceedings{deng2009imagenet,
  title={Imagenet: A large-scale hierarchical image database},
  author={Deng, Jia and Dong, Wei and Socher, Richard and Li, Li-Jia and Li, Kai and Fei-Fei, Li},
  booktitle={2009 IEEE conference on computer vision and pattern recognition},
  pages={248--255},
  year={2009},
  organization={Ieee}
}


@article{russakovsky2015imagenet,
  title={Imagenet large scale visual recognition challenge},
  author={Russakovsky, Olga and Deng, Jia and Su, Hao and Krause, Jonathan and Satheesh, Sanjeev and Ma, Sean and Huang, Zhiheng and Karpathy, Andrej and Khosla, Aditya and Bernstein, Michael and others},
  journal={International journal of computer vision},
  volume={115},
  pages={211--252},
  year={2015},
  publisher={Springer}
}

@article{krizhevsky2017imagenet,
  title={Imagenet classification with deep convolutional neural networks},
  author={Krizhevsky, Alex and Sutskever, Ilya and Hinton, Geoffrey E},
  journal={Communications of the ACM},
  volume={60},
  number={6},
  pages={84--90},
  year={2017},
  publisher={AcM New York, NY, USA}
}
